<?xml version="1.0" encoding="utf8"?>
<SOAP-ENV:Envelope xmlns:SOAP-ENV="http://schemas.xmlsoap.org/soap/envelope/" xmlns:ns1="http://oss.dbc.dk/ns/openformat" xmlns:os="http://oss.dbc.dk/ns/opensearch" xmlns:dc="http://purl.org/dc/elements/1.1/" xmlns:dkabm="http://biblstandard.dk/abm/namespace/dkabm/" xmlns:ISO639-2="http://lcweb.loc.gov/standards/iso639-2/" xmlns:dcmitype="http://purl.org/dc/dcmitype/" xmlns:dcterms="http://purl.org/dc/terms/" xmlns:ac="http://biblstandard.dk/ac/namespace/" xmlns:dkdcplus="http://biblstandard.dk/abm/namespace/dkdcplus/" xmlns:oss="http://oss.dbc.dk/ns/osstypes" xmlns:marcx="info:lc/xmlns/marcxchange-v1" xmlns:xsi="http://www.w3.org/2001/XMLSchema-instance">
  <SOAP-ENV:Body>
    <ns1:formatRequest>
      <ns1:originalData>
        <os:collection>
          <os:resultPosition>1</os:resultPosition>
          <os:numberOfObjects>1</os:numberOfObjects>
          <os:object>
            <dkabm:record>
              <ac:identifier>27319416|870970</ac:identifier>
              <ac:source>NJE</ac:source>
              <dc:title>Den guddommelige matrix</dc:title>
              <dc:title xsi:type="dkdcplus:full">Den guddommelige matrix : sammenhængen mellem tid, rum, mirakler og tro</dc:title>
              <dc:creator xsi:type="dkdcplus:aut">Gregg Braden </dc:creator>
              <dc:creator xsi:type="oss:sort">Braden, Gregg</dc:creator>
              <dc:subject xsi:type="dkdcplus:DK5">16.8</dc:subject>
              <dc:subject xsi:type="dkdcplus:DK5-Text">Livsanskuelse. Verdensanskuelse</dc:subject>
              <dc:subject xsi:type="dkdcplus:genre">nonfiktion</dc:subject>
              <dcterms:audience>voksenmaterialer</dcterms:audience>
              <dkdcplus:version>2. udgave (Bogklubudgave), 1. oplag</dkdcplus:version>
              <dc:publisher>Borgens Bogklub</dc:publisher>
              <dc:date>2008</dc:date>
              <dc:type xsi:type="dkdcplus:BibDK-Type">Bog</dc:type>
              <dc:format>illustreret</dc:format>
              <dcterms:extent>283 sider</dcterms:extent>
              <dc:identifier xsi:type="dkdcplus:ISBN">9788778957856</dc:identifier>
              <dc:source>The divine matrix</dc:source>
              <dc:language xsi:type="dcterms:ISO639-2">dan</dc:language>
              <dc:language>Dansk</dc:language>
            </dkabm:record>
            <marcx:collection>
              <marcx:record format="danMARC2" type="Bibliographic">
                <marcx:leader>000000000000000000000000</marcx:leader>
                <marcx:datafield tag="001" ind1="0" ind2="0">
                  <marcx:subfield code="a">27319416</marcx:subfield>
                  <marcx:subfield code="b">870970</marcx:subfield>
                  <marcx:subfield code="c">20080814093624</marcx:subfield>
                  <marcx:subfield code="d">20080702</marcx:subfield>
                  <marcx:subfield code="f">a</marcx:subfield>
                  <marcx:subfield code="t">FAUST</marcx:subfield>
                </marcx:datafield>
                <marcx:datafield tag="004" ind1="0" ind2="0">
                  <marcx:subfield code="r">n</marcx:subfield>
                  <marcx:subfield code="a">e</marcx:subfield>
                </marcx:datafield>
                <marcx:datafield tag="008" ind1="0" ind2="0">
                  <marcx:subfield code="t">m</marcx:subfield>
                  <marcx:subfield code="u">u</marcx:subfield>
                  <marcx:subfield code="a">2008</marcx:subfield>
                  <marcx:subfield code="b">dk</marcx:subfield>
                  <marcx:subfield code="l">dan</marcx:subfield>
                  <marcx:subfield code="v">0</marcx:subfield>
                </marcx:datafield>
                <marcx:datafield tag="009" ind1="0" ind2="0">
                  <marcx:subfield code="a">a</marcx:subfield>
                  <marcx:subfield code="g">xx</marcx:subfield>
                </marcx:datafield>
                <marcx:datafield tag="021" ind1="0" ind2="0">
                  <marcx:subfield code="e">9788778957856</marcx:subfield>
                  <marcx:subfield code="c">ib.</marcx:subfield>
                  <marcx:subfield code="d">kr. 179,00</marcx:subfield>
                  <marcx:subfield code="b">kun for medlemmer</marcx:subfield>
                  <marcx:subfield code="x">87-7895-785-0</marcx:subfield>
                </marcx:datafield>
                <marcx:datafield tag="032" ind1="0" ind2="0">
                  <marcx:subfield code="a">DBF200833</marcx:subfield>
                </marcx:datafield>
                <marcx:datafield tag="041" ind1="0" ind2="0">
                  <marcx:subfield code="a">dan</marcx:subfield>
                  <marcx:subfield code="c">eng</marcx:subfield>
                </marcx:datafield>
                <marcx:datafield tag="100" ind1="0" ind2="0">
                  <marcx:subfield code="0"/>
                  <marcx:subfield code="a">Braden</marcx:subfield>
                  <marcx:subfield code="h">Gregg</marcx:subfield>
                </marcx:datafield>
                <marcx:datafield tag="241" ind1="0" ind2="0">
                  <marcx:subfield code="a">The ¤divine matrix</marcx:subfield>
                </marcx:datafield>
                <marcx:datafield tag="245" ind1="0" ind2="0">
                  <marcx:subfield code="a">Den ¤guddommelige matrix</marcx:subfield>
                  <marcx:subfield code="c">sammenhængen mellem tid, rum, mirakler og tro</marcx:subfield>
                  <marcx:subfield code="e">Gregg braden</marcx:subfield>
                  <marcx:subfield code="f">oversat af Frank Robert Pedersen</marcx:subfield>
                </marcx:datafield>
                <marcx:datafield tag="250" ind1="0" ind2="0">
                  <marcx:subfield code="a">2. udgave (Bogklubudgave)</marcx:subfield>
                  <marcx:subfield code="b">2. udgave</marcx:subfield>
                  <marcx:subfield code="x">1. oplag</marcx:subfield>
                </marcx:datafield>
                <marcx:datafield tag="260" ind1="0" ind2="0">
                  <marcx:subfield code="a">[Valby]</marcx:subfield>
                  <marcx:subfield code="b">Borgens Bogklub</marcx:subfield>
                  <marcx:subfield code="k">tr. i udl.</marcx:subfield>
                  <marcx:subfield code="c">2008</marcx:subfield>
                </marcx:datafield>
                <marcx:datafield tag="300" ind1="0" ind2="0">
                  <marcx:subfield code="a">283 sider</marcx:subfield>
                  <marcx:subfield code="b">ill.</marcx:subfield>
                </marcx:datafield>
                <marcx:datafield tag="520" ind1="0" ind2="0">
                  <marcx:subfield code="a">Tidligere: 1. udgave. Valby : Borgen, 2007</marcx:subfield>
                </marcx:datafield>
                <marcx:datafield tag="521" ind1="0" ind2="0">
                  <marcx:subfield code="b">1. oplag</marcx:subfield>
                  <marcx:subfield code="c">2008</marcx:subfield>
                </marcx:datafield>
                <marcx:datafield tag="652" ind1="0" ind2="0">
                  <marcx:subfield code="m">16.8</marcx:subfield>
                </marcx:datafield>
                <marcx:datafield tag="s10" ind1="0" ind2="0">
                  <marcx:subfield code="a">DBC</marcx:subfield>
                </marcx:datafield>
              </marcx:record>
            </marcx:collection>
            <oss:openurl>_BASEURL_url_ctx_fmt=info:ofi/fmt:kev:mtx:ctx&amp;ctx_ver=Z39.88-2004&amp;rft_val_fmt=info:ofi/fmt:kev:mtx:book&amp;rft.btitle=Den+guddommelige+matrix&amp;rft.aulast=Braden&amp;rft.aufirst=Gregg&amp;rft.auinit=G&amp;rft.date=2008&amp;rft.isbn=9788778957856&amp;rft.pub=Borgens+Bogklub&amp;rft.edition=2.+udgave+(Bogklubudgave),+1.+oplag&amp;rft.genre=book</oss:openurl>
            <os:identifier>870970-basis:27319416</os:identifier>
<os:creationDate>1980-03-07</os:creationDate>
<os:holdingsCount>12</os:holdingsCount>
<os:lendingLibraries>12</os:lendingLibraries>
            <os:formatsAvailable>
              <os:format>dkabm</os:format>
            </os:formatsAvailable>
          </os:object>
        </os:collection>
      </ns1:originalData>
      <ns1:outputFormat>fullDisplay</ns1:outputFormat>
    </ns1:formatRequest>
  </SOAP-ENV:Body>
</SOAP-ENV:Envelope>
